@BOOK{chapin2002principles,
  publisher = {Springer},
  isbn = {0387954430},
  author = {Chapin, F},
  title = {{Principles of terrestrial ecosystem ecology}},
  address = {New York},
  year = {2002},
  entrykey = {chapin2002principles}
}

@ARTICLE{Buckley_2007,
  publisher = {American Society for Microbiology},
  doi = {10.1128/aem.02609-06},
  author = {Buckley, D. H. and Huangyutitham, V. and Hsu, S. F. and Nelson, T. A.},
  journal = {Appl Environ Microbiol},
  title = {{Stable isotope probing with $^{15}$N achieved by disentangling the effects of genome G$+$C content and isotope enrichment on {DNA} density}},
  number = {10},
  month = {mar},
  volume = {73},
  year = {2007},
  entrykey = {Buckley_2007},
  pages = {3189--3195}
}

@ARTICLE{Moore1988,
  doi = {10.1146/annurev.en.33.010188.002223},
  author = {Moore, J C and Walter, D E and Hunt, H W},
  timestamp = {2015-03-25 23:23:24},
  journal = {Annu Rev Entomol},
  title = {Arthropod regulation of micro- and mesobiota in below-ground detrital food webs},
  number = {1},
  volume = {33},
  year = {1988},
  date = {1988},
  entrykey = {Moore1988},
  journaltitle = {Annual Review of Entomology},
  pages = {419--435}
}

@ARTICLE{BATJES_1996,
  publisher = {Wiley Blackwell (Blackwell Publishing)},
  doi = {10.1111/j.1365-2389.1996.tb01386.x},
  author = {Batjes, N. H.},
  journal = {Eur J Soil Sci},
  title = {{Total carbon and nitrogen in the soils of the world}},
  number = {2},
  month = {Jun},
  volume = {47},
  year = {1996},
  entrykey = {BATJES_1996},
  pages = {151-163}
}

@ARTICLE{DeRito2005,
  doi = {10.1128/AEM.71.12.7858-7865.2005},
  author = {{DeRito}, Christopher M. and Pumphrey, Graham M. and Madsen, Eugene L.},
  eprinttype = {pmid},
  timestamp = {2015-06-05 20:48:23},
  journal = {Appl Environ Microbiol},
  issn = {0099-2240},
  number = {12},
  volume = {71},
  eprint = {16332760},
  title = {Use of field-based stable isotope probing to identify adapted populations and track carbon flow through a phenol-degrading soil microbial community},
  year = {2005},
  date = {2005-12},
  entrykey = {DeRito2005},
  pages = {7858--7865},
  pmcid = {PMC1317415}
}

@ARTICLE{Allison2010,
  rights = {© 2010 Nature Publishing Group},
  doi = {10.1038/ngeo846},
  author = {Allison, Steven D. and Wallenstein, Matthew D. and Bradford, Mark A.},
  timestamp = {2015-06-05 14:41:40},
  journal = {Nat Geosci},
  issn = {1752-0894},
  number = {5},
  langid = {english},
  volume = {3},
  title = {Soil-carbon response to warming dependent on microbial physiology},
  year = {2010},
  date = {2010-05},
  entrykey = {Allison2010},
  shortjournal = {Nature Geosci},
  pages = {336--340}
}

@ARTICLE{Hu1997,
  doi = {10.1007/s002489900015},
  title = {Microbial dynamics associated with multiphasic decomposition of $^{14}$C-labeled cellulose in soil},
  timestamp = {2015-06-05 16:53:08},
  journal = {Microb Ecol},
  author = {Hu, S. and van Bruggen, A. H. C.},
  number = {2},
  langid = {english},
  volume = {33},
  year = {1997},
  date = {1997-03-01},
  entrykey = {Hu1997},
  shortjournal = {Microb Ecol},
  pages = {134--143},
  issn = {0095-3628, 1432-184X}
}

@ARTICLE{16346402,
  author = {Casida, L. E.},
  journal = {Appl Environ Microbiol},
  title = {Interaction of \textit{Agromyces} \textit{ramosus} with other bacteria in soil},
  number = {4},
  volume = {46},
  source = {Appl Environ Microbiol},
  pubmed_id = {16346402},
  year = {1983},
  entrykey = {16346402},
  pages = {881-888}
}

@ARTICLE{Bunnell2013,
  doi = {10.1021/sc4000175},
  author = {Bunnell, Kris and Rich, Ashley and Luckett, Curtis and Wang, Ya-Jane and Martin, Elizabeth and Carrier, Danielle Julie},
  timestamp = {2015-06-05 16:40:29},
  journal = {{ACS} Sustain Chem Eng},
  title = {Plant maturity effects on the physicochemical properties and dilute acid hydrolysis of switchgrass (\textit{panicum} \textit{virgatum}, l.) hemicelluloses},
  number = {6},
  volume = {1},
  file = {ACS Full Text Snapshot:/home/chuck/.zotero/zotero/is3tm1mp.default/zotero/storage/XTPS5HCH/sc4000175.html:text/html},
  year = {2013},
  date = {2013-06-03},
  entrykey = {Bunnell2013},
  pages = {649--654}
}

@ARTICLE{Evans2014a,
  rights = {© 2013 John Wiley \& Sons Ltd/{CNRS}},
  doi = {10.1111/ele.12206},
  author = {Evans, Sarah E. and Wallenstein, Matthew D.},
  timestamp = {2015-03-28 01:11:20},
  journal = {Ecol Lett},
  issn = {1461-0248},
  number = {2},
  langid = {english},
  volume = {17},
  keywords = {Birch effect,drying-rewetting,historical legacy,microbial life history,moisture niche,moisture stress,precipitation manipulation,rainfall pulses,rainfall timing,tallgrass prairie},
  title = {Climate change alters ecological strategies of soil bacteria},
  year = {2014},
  date = {2014-02-01},
  entrykey = {Evans2014a},
  pages = {155--164}
}

@ARTICLE{Amundson_2001,
  publisher = {Annual Reviews},
  doi = {10.1146/annurev.earth.29.1.535},
  author = {Amundson, Ronald},
  journal = {Annu Rev Earth Planet Sci},
  title = {The carbon budget in soils},
  number = {1},
  month = {May},
  volume = {29},
  year = {2001},
  entrykey = {Amundson_2001},
  pages = {535-562}
}

@ARTICLE{Webb2000,
  rights = {Copyright © 2000 The University of Chicago},
  doi = {10.1086/303378},
  shorttitle = {Exploring the Phylogenetic Structure of Ecological Communities},
  author = {Webb, Campbell O.},
  eprinttype = {jstor},
  timestamp = {2015-03-28 01:21:49},
  journal = {Am Nat},
  issn = {0003-0147},
  number = {2},
  volume = {156},
  eprint = {10.1086/303378},
  title = {Exploring the phylogenetic structure of ecological communities: an example for rain forest trees.},
  year = {2000},
  date = {2000-08-01},
  entrykey = {Webb2000},
  journaltitle = {The American Naturalist},
  pages = {145--155}
}

@ARTICLE{Engelking2007,
  doi = {10.1016/j.soilbio.2007.02.002},
  author = {Engelking, Brigitte and Flessa, Heiner and Joergensen, Rainer Georg},
  timestamp = {2015-06-05 16:46:30},
  journal = {Soil Biol Biochem},
  issn = {0038-0717},
  number = {8},
  volume = {39},
  keywords = {13C,Cryptic growth,decomposition,Microbial biomass C,Microbial residues,N immobilization},
  title = {Microbial use of maize cellulose and sugarcane sucrose monitored by changes in the 13C/12C ratio},
  file = {ScienceDirect Snapshot:/home/chuck/.zotero/zotero/is3tm1mp.default/zotero/storage/9AUNJ4HX/S0038071707000697.html:text/html},
  year = {2007},
  date = {2007-08},
  entrykey = {Engelking2007},
  shortjournal = {Soil Biol Biochem},
  pages = {1888--1896}
}

@ARTICLE{lueders2004,
  doi = {10.1128/AEM.70.10.5778-5786.2004},
  shorttitle = {Stable-isotope probing of microorganisms thriving at thermodynamic limits},
  author = {Lueders, Tillmann and Pommerenke, Bianca and Friedrich, Michael W.},
  eprinttype = {pmid},
  timestamp = {2015-07-02 20:57:19},
  journal = {Appl Environ Microbiol},
  issn = {0099-2240},
  number = {10},
  volume = {70},
  eprint = {15466514},
  title = {Stable-isotope probing of microorganisms thriving at thermodynamic limits: syntrophic propionate oxidation in flooded soil},
  year = {2004},
  date = {2004-10},
  entrykey = {lueders2004},
  journaltitle = {Applied and Environmental Microbiology},
  pages = {5778--5786},
  pmcid = {PMC522077}
}

@ARTICLE{Nannipieri_2003,
  publisher = {Wiley-Blackwell},
  doi = {10.1046/j.1351-0754.2003.0556.x},
  author = {Nannipieri, P. and Ascher, J. and Ceccherini, M. T. and Landi, L. and Pietramellara, G. and Renella, G.},
  journal = {Eur J Soil Sci},
  title = {{Microbial diversity and soil functions}},
  number = {4},
  month = {dec},
  volume = {54},
  year = {2003},
  entrykey = {Nannipieri_2003},
  pages = {655--670}
}

@ARTICLE{Lynd2002,
  shorttitle = {Microbial cellulose utilization},
  author = {Lynd, Lee R. and Weimer, Paul J. and van Zyl, Willem H. and Pretorius, Isak S.},
  eprinttype = {pmid},
  timestamp = {2015-06-05 16:28:18},
  journal = {Microbiol Mol Biol Rev},
  issn = {1092-2172},
  number = {3},
  volume = {66},
  eprint = {12209002},
  title = {Microbial cellulose utilization: fundamentals and biotechnology},
  year = {2002},
  date = {2002-09},
  entrykey = {Lynd2002},
  pages = {506--577},
  pmcid = {PMC120791}
}

@ARTICLE{McGuire2010,
  author = {{McGuire}, Krista L. and Treseder, Kathleen K.},
  shorttitle = {Microbial communities and their relevance for ecosystem models},
  title = {Microbial communities and their relevance for ecosystem models: Decomposition as a case study},
  timestamp = {2015-03-21 20:12:07},
  journal = {Soil Biol Biochem},
  issn = {0038-0717},
  number = {4},
  volume = {42},
  keywords = {ecosystem function,Microbial community structure,Models,Nutrient cycling,Review},
  year = {2010},
  date = {2010-04},
  entrykey = {McGuire2010},
  shortjournal = {Soil Biol Biochem},
  pages = {529--535}
}

@ARTICLE{Frankland_1998,
  publisher = {Elsevier BV},
  doi = {10.1017/s0953756297005364},
  author = {Frankland, Juliet C.},
  journal = {Mycol Res},
  title = {{Fungal succession -- unravelling the unpredictable}},
  number = {1},
  month = {Jan},
  volume = {102},
  year = {1998},
  entrykey = {Frankland_1998},
  pages = {1-15}
}

@ARTICLE{Reed2007,
  doi = {10.1111/j.1574-6941.2007.00386.x},
  author = {Reed, Heather E. and Martiny, Jennifer B. H.},
  timestamp = {2015-06-05 17:49:05},
  journal = {{FEMS} Microbiol Ecol},
  issn = {1574-6941},
  number = {2},
  langid = {english},
  volume = {62},
  keywords = {common garden,ecosystem functioning,marsh sediments,microbial composition,reciprocal transplant},
  title = {Testing the functional significance of microbial composition in natural communities},
  year = {2007},
  date = {2007-11-01},
  entrykey = {Reed2007},
  shortjournal = {{FEMS} Microbiol. Ecol.},
  pages = {161--170}
}

@BOOK{Garrett1963,
  publisher = {Pergamon Press},
  isbn = {9780080104751},
  author = {Garrett, Stephen Denis},
  timestamp = {2015-06-05 17:15:10},
  title = {Soil Fungi and soil fertility},
  langid = {english},
  pagetotal = {166},
  location = {Oxford},
  year = {1963},
  date = {1963-12},
  entrykey = {Garrett1963},
  address = {New York}
}

@ARTICLE{Chen_Murrell_2010,
  publisher = {Elsevier},
  doi = {10.1016/j.tim.2010.02.002},
  author = {Chen, Yin and Murrell, J. Colin},
  journal = {Trends Microbiol},
  title = {{When metagenomics meets stable-isotope probing: progress and perspectives}},
  number = {4},
  month = {Apr},
  volume = {18},
  year = {2010},
  entrykey = {Chen_Murrell_2010},
  pages = {157-163}
}

@ARTICLE{Martiny2013,
  doi = {10.1038/ismej.2012.160},
  title = {Phylogenetic conservatism of functional traits in microorganisms},
  eprinttype = {pmid},
  timestamp = {2015-03-28 01:16:17},
  journal = {{ISME J}},
  author = {Martiny, Adam C. and Treseder, Kathleen and Pusch, Gordon},
  number = {4},
  volume = {7},
  eprint = {23235290},
  year = {2013},
  entrykey = {Martiny2013},
  pages = {830--838},
  issn = {1751-7370}
}

@ARTICLE{Neff_2001,
  publisher = {Springer Science $+$ Business Media},
  doi = {10.1007/s100210000058},
  author = {Jason C. Neff and Gregory P. Asner},
  journal = {Ecosystems},
  title = {{Dissolved organic carbon in terrestrial ecosystems: synthesis and a model}},
  number = {1},
  month = {jan},
  volume = {4},
  year = {2001},
  entrykey = {Neff_2001},
  pages = {29--48}
}

@INCOLLECTION{Buckley2002,
  publisher = {Wiley},
  title = {Exploring the diversity of soil - a microbial rainforest},
  booktitle = {Biodiversity of Microbial Life: Foundation of Earth{\textquoteright}s Biosphere},
  author = {Buckley, D. H. and Schmidt, T. M.},
  editor = {Reysenbach, A. L.},
  year = {2002},
  keywords = {KBS},
  entrykey = {Buckley2002},
  pages = {183-208},
  address = {New York, New York}
}

@ARTICLE{love2014,
  doi = {10.1186/s13059-014-0550-8},
  author = {Love, Michael I. and Huber, Wolfgang and Anders, Simon},
  eprinttype = {pmid},
  timestamp = {2015-07-01 15:02:53},
  journal = {Genome Biol},
  issn = {1465-6914},
  number = {12},
  volume = {15},
  eprint = {25516281},
  title = {Moderated estimation of fold change and dispersion for {RNA}-seq data with {DESeq}2},
  year = {2014},
  date = {2014},
  entrykey = {love2014},
  journaltitle = {Genome Biology},
  pages = {550},
  pmcid = {PMC4302049}
}

@ARTICLE{Crowther2015,
  doi = {10.1073/pnas.1502956112},
  author = {Crowther, Thomas W. and Thomas, Stephen M. and Maynard, Daniel S. and Baldrian, Petr and Covey, Kristofer and Frey, Serita D. and van Diepen, Linda T. A. and Bradford, Mark A.},
  journal = {Proceedings of the National Academy of Sciences},
  title = {Biotic interactions mediate soil microbial feedbacks to climate change},
  number = {22},
  volume = {112},
  year = {2015},
  entrykey = {Crowther2015},
  pages = {7033-7038}
}

@ARTICLE{lueders2004b,
  author = {Lueders, Tillmann and Wagner, Bianca and Claus, Peter and Friedrich, Michael W.},
  language = {eng},
  title = {Stable isotope probing of {rRNA} and {DNA} reveals a dynamic methylotroph community and trophic interactions with fungi and protozoa in oxic rice field soil},
  journal = {Environmental Microbiology},
  issn = {1462-2912},
  number = {1},
  month = {1},
  volume = {6},
  year = {2004},
  entrykey = {lueders2004b},
  pmid = {14686942},
  pages = {60--72}
}

@ARTICLE{Bergmann_2011,
  publisher = {Elsevier {BV}},
  doi = {10.1016/j.soilbio.2011.03.012},
  author = {Bergmann, Gaddy T. and Bates, Scott T. and Eilers, Kathryn G. and Lauber, Christian L. and Caporaso, J. Gregory and Walters, William A. and Knight, Rob and Fierer, Noah},
  journal = {Soil Biol Biochem},
  title = {{The under-recognized dominance of \textit{Verrucomicrobia} in soil bacterial communities}},
  number = {7},
  month = {jul},
  volume = {43},
  year = {2011},
  entrykey = {Bergmann_2011},
  pages = {1450--1455}
}

@ARTICLE{Wieder2013,
  rights = {© 2013 Nature Publishing Group},
  doi = {10.1038/nclimate1951},
  author = {Wieder, William R. and Bonan, Gordon B. and Allison, Steven D.},
  timestamp = {2015-06-05 14:47:47},
  journal = {Nat Clim Chang},
  issn = {1758-678X},
  number = {10},
  langid = {english},
  volume = {3},
  title = {Global soil carbon projections are improved by modelling microbial processes},
  file = {Snapshot:/home/chuck/.zotero/zotero/is3tm1mp.default/zotero/storage/J8D9PRPH/nclimate1951.html:text/html},
  year = {2013},
  date = {2013-10},
  entrykey = {Wieder2013},
  shortjournal = {Nature Clim. Change},
  pages = {909--912}
}

@ARTICLE{Lueders2006,
  doi = {10.1128/AEM.00400-06},
  author = {Lueders, Tillmann and Kindler, Reimo and Miltner, Anja and Friedrich, Michael W. and Kaestner, Matthias},
  timestamp = {2015-03-16 14:14:00},
  journal = {Appl Environ Microbiol},
  issn = {0099-2240},
  number = {8},
  volume = {72},
  title = {Identification of bacterial micropredators distinctively active in a soil microbial food web},
  file = {PubMed Central Full Text PDF:/home/chuck/.zotero/zotero/is3tm1mp.default/zotero/storage/RV7VWHGW/Lueders et al. - 2006 - Identification of Bacterial Micropredators Distinc.pdf:application/pdf},
  year = {2006},
  date = {2006-08},
  entrykey = {Lueders2006},
  journaltitle = {Applied and Environmental Microbiology},
  pmid = {16885285},
  pages = {5342--5348},
  pmcid = {PMC1538704}
}

@ARTICLE{McMurdie2014,
  doi = {10.1371/journal.pcbi.1003531},
  shorttitle = {{Waste Not, Want Not}},
  author = {McMurdie, Paul J. and Holmes, Susan},
  journal = {PLoS Comput Biol},
  title = {{Waste not, want not: why rarefying microbiome data is inadmissible}},
  number = {4},
  volume = {{10}},
  file = {PLoS Full Text PDF:/home/chuck/.zotero/zotero/is3tm1mp.default/zotero/storage/RRCGKPJG/McMurdie and Holmes - 2014 - Waste Not, Want Not Why Rarefying Microbiome Data.pdf:application/pdf;PLoS Snapshot:/home/chuck/.zotero/zotero/is3tm1mp.default/zotero/storage/88B9WW87/infodoi10.1371journal.pcbi.html:text/html},
  year = {2014},
  date = {2014-04-03},
  entrykey = {McMurdie2014},
  shortjournal = {{PLoS Comput Biol}},
  pages = {e1003531}
}

@ARTICLE{Zak2006,
  doi = {10.1016/j.tree.2006.04.003},
  title = {A molecular dawn for biogeochemistry},
  eprinttype = {pmid},
  timestamp = {2015-06-05 17:47:41},
  journal = {Trends Ecol Evol},
  author = {Zak, Donald R. and Blackwood, Christopher B. and Waldrop, Mark P.},
  number = {6},
  volume = {21},
  eprint = {16769427},
  year = {2006},
  entrykey = {Zak2006},
  shortjournal = {Trends Ecol. Evol. (Amst.)},
  pages = {288--295},
  issn = {0169-5347}
}

@ARTICLE{benjamini1995,
  rights = {Copyright © 1995 Royal Statistical Society},
  shorttitle = {Controlling the False Discovery Rate},
  author = {Benjamini, Yoav and Hochberg, Yosef},
  eprinttype = {jstor},
  timestamp = {2015-07-06 19:19:39},
  journal = {Journal of the Royal Statistical Society. Series B (Methodological)},
  issn = {0035-9246},
  number = {1},
  volume = {57},
  eprint = {2346101},
  title = {Controlling the false discovery rate: {A} practical and powerful approach to multiple testing},
  year = {1995},
  date = {1995-01-01},
  entrykey = {benjamini1995},
  journaltitle = {Journal of the Royal Statistical Society. Series B (Methodological)},
  pages = {289--300}
}

@ARTICLE{Kembel_2012,
  publisher = {Public Library of Science (PLoS)},
  doi = {10.1371/journal.pcbi.1002743},
  author = {Steven W. Kembel and Martin Wu and Jonathan A. Eisen and Jessica L. Green},
  journal = {PLoS Comput Biol},
  title = {{Incorporating {16S} gene copy number information improves estimates of microbial diversity and abundance}},
  number = {10},
  month = {oct},
  volume = {8},
  editor = {Christian von Mering},
  year = {2012},
  entrykey = {Kembel_2012},
  pages = {e1002743}
}

@ARTICLE{radajewski2000stable,
  publisher = {Nature Publishing Group},
  author = {Radajewski, Stefan and Ineson, Philip and Parekh, Nisha R and Murrell, J Colin},
  journal = {Nature},
  title = {{Stable-isotope probing as a tool in microbial ecology}},
  number = {6770},
  volume = {403},
  year = {2000},
  entrykey = {radajewski2000stable},
  pages = {646--649}
}

@BOOK{ColemanCrossley_1996,
  publisher = {Academic Press},
  isbn = {9780121797256},
  author = {Coleman, David C. and Crossley, D. A.},
  timestamp = {2015-03-09 10:02:07},
  title = {fundamentals of soil ecology},
  langid = {english},
  pagetotal = {228},
  year = {1996},
  keywords = {Science / General},
  entrykey = {ColemanCrossley_1996},
  address = {Waltham, Massachusetts}
}

@ARTICLE{Alexander1964,
  doi = {10.1146/annurev.mi.18.100164.001245},
  author = {Alexander, M},
  eprinttype = {pmid},
  timestamp = {2015-06-05 16:44:26},
  journal = {Annual Rev Microbiol},
  title = {Biochemical ecology of soil microorganisms},
  number = {1},
  volume = {18},
  eprint = {14268858},
  year = {1964},
  date = {1964},
  entrykey = {Alexander1964},
  shortjournal = {Annu. Rev. Microbiol.},
  pages = {217--250}
}

@ARTICLE{Treseder2011,
  doi = {10.1007/s10533-011-9636-5},
  shorttitle = {Integrating microbial ecology into ecosystem models},
  author = {Treseder, Kathleen K. and Balser, Teri C. and Bradford, Mark A. and Brodie, Eoin L. and Dubinsky, Eric A. and Eviner, Valerie T. and Hofmockel, Kirsten S. and Lennon, Jay T. and Levine, Uri Y. and {MacGregor}, Barbara J. and Pett-Ridge, Jennifer and Waldrop, Mark P.},
  timestamp = {2015-06-05 14:45:14},
  journal = {Biogeochemistry},
  issn = {0168-2563, 1573-515X},
  number = {1-3},
  langid = {english},
  volume = {109},
  keywords = {Biogeosciences,Community composition,ecosystems,Environmental Chemistry,Functional groups,global change,Life Sciences, general,Nitrogen,Precipitation,Temporal dynamics,Warming},
  title = {Integrating microbial ecology into ecosystem models: challenges and priorities},
  file = {Snapshot:/home/chuck/.zotero/zotero/is3tm1mp.default/zotero/storage/2RBEZEQT/10.html:text/html},
  year = {2011},
  date = {2011-09-03},
  entrykey = {Treseder2011},
  shortjournal = {Biogeochemistry},
  pages = {7--18}
}

@ARTICLE{Bradford2008,
  rights = {© 2008 The Authors. Journal compilation © 2008 British Ecological Society},
  doi = {10.1111/j.1365-2435.2008.01404.x},
  author = {Bradford, M. A. and Fierer, N. and Reynolds, J. F.},
  timestamp = {2015-06-05 15:04:38},
  journal = {Funct Ecol},
  issn = {1365-2435},
  number = {6},
  langid = {english},
  volume = {22},
  title = {Soil carbon stocks in experimental mesocosms are dependent on the rate of labile carbon, nitrogen and phosphorus inputs to soils},
  year = {2008},
  date = {2008-12-01},
  entrykey = {Bradford2008},
  shortjournal = {Funct. Ecol.},
  pages = {964--974}
}

@ARTICLE{Osono_2005,
  publisher = {Mycological Society of America},
  doi = {10.3852/mycologia.97.3.589},
  author = {T. Osono},
  journal = {Mycologia},
  title = {{Colonization and succession of fungi during decomposition of Swida controversa leaf litter}},
  number = {3},
  month = {May},
  volume = {97},
  year = {2005},
  entrykey = {Osono_2005},
  pages = {589-597}
}

@ARTICLE{Anderson2001a,
  author = {Anderson, Marti J.},
  title = {{A new method for non-parametric multivariate analysis of variance}},
  journal = {Austral Ecol},
  issn = {1442-9993},
  number = {1},
  volume = {{26}},
  year = {2001},
  date = {2001},
  entrykey = {Anderson2001a},
  shortjournal = {{Austral Ecol}},
  pages = {32--46}
}

@ARTICLE{Verastegui_2014,
  publisher = {American Society for Microbiology},
  doi = {10.1128/mbio.01157-14},
  author = {Y. Verastegui and J. Cheng and K. Engel and D. Kolczynski and S. Mortimer and J. Lavigne and J. Montalibet and T. Romantsov and M. Hall and B. J. McConkey and D. R. Rose and J. J. Tomashek and B. R. Scott and T. C. Charles and J. D. Neufeld},
  journal = {mBio},
  title = {{Multisubstrate isotope labeling and metagenomic analysis of active soil bacterial communities}},
  number = {4},
  month = {jul},
  volume = {5},
  year = {2014},
  entrykey = {Verastegui_2014},
  pages = {e01157--14--e01157--14}
}

@ARTICLE{Schneckenberger_2008,
  publisher = {Elsevier BV},
  doi = {10.1016/j.soilbio.2008.02.020},
  author = {Katja Schneckenberger and Dmitry Demin and Karl Stahr and Yakov Kuzyakov},
  journal = {Soil Biol Biochem},
  title = {{Microbial utilization and mineralization of $^{14}$C glucose added in six orders of concentration to soil}},
  number = {8},
  month = {Aug},
  volume = {40},
  year = {2008},
  entrykey = {Schneckenberger_2008},
  pages = {1981-1988}
}

@INCOLLECTION{AnneliseHKjoller2002,
  publisher = {Marcel Dekker},
  isbn = {978-0-8247-0614-2},
  optseries = {Books in Soils, Plants, and the Environment},
  title = {Fungal communities, succession, enzymes, and decomposition},
  timestamp = {2015-06-05 17:00:17},
  booktitle = {Enzymes in the Environment},
  author = {Kj{\"o}ller, Annelise H and Struwe, Sten},
  volumes = {0},
  year = {2002},
  date = {2002-01-29},
  entrykey = {AnneliseHKjoller2002},
  pages = {306--324},
  address = {New York}
}

@ARTICLE{Bremer1994,
  doi = {10.1016/0038-0717(94)90184-8},
  title = {Microbial utilization of 14C{[}U{]}glucose in soil is affected by the amount and timing of glucose additions},
  timestamp = {2015-06-05 17:17:29},
  journal = {Soil Biol Biochem},
  author = {Bremer, Eric and Kuikman, Peter},
  number = {4},
  volume = {26},
  year = {1994},
  date = {1994-04},
  entrykey = {Bremer1994},
  shortjournal = {Soil Biol Biochem},
  pages = {511--517},
  issn = {0038-0717}
}

@ARTICLE{Klappenbach_2000,
  publisher = {American Society for Microbiology},
  doi = {10.1128/aem.66.4.1328-1333.2000},
  author = {J. A. Klappenbach and J. M. Dunbar and T. M. Schmidt},
  journal = {Appl Environ Microbiol},
  title = {{{rRNA} Operon copy number reflects ecological strategies of bacteria}},
  number = {4},
  month = {apr},
  volume = {66},
  year = {2000},
  entrykey = {Klappenbach_2000},
  pages = {1328--1333}
}

@ARTICLE{derito2005,
  doi = {10.1128/AEM.71.12.7858-7865.2005},
  author = {{DeRito}, Christopher M. and Pumphrey, Graham M. and Madsen, Eugene L.},
  eprinttype = {pmid},
  timestamp = {2015-07-02 21:02:03},
  journal = {Appl Environ Microbiol},
  issn = {0099-2240},
  number = {12},
  volume = {71},
  eprint = {16332760},
  title = {Use of field-based stable isotope probing to identify adapted populations and track carbon flow through a phenol-degrading soil microbial community},
  year = {2005},
  date = {2005-12},
  entrykey = {derito2005},
  journaltitle = {Applied and Environmental Microbiology},
  pages = {7858--7865},
  pmcid = {PMC1317415}
}

@ARTICLE{Hsu2009,
  doi = {10.1038/ismej.2008.82},
  author = {Hsu, Shi-Fang and Buckley, Daniel H.},
  eprinttype = {pmid},
  timestamp = {2015-06-05 20:24:37},
  journal = {{ISME J}},
  issn = {1751-7370},
  number = {1},
  volume = {3},
  eprint = {18769458},
  title = {Evidence for the functional significance of diazotroph community structure in soil},
  year = {2009},
  date = {2009-01},
  entrykey = {Hsu2009},
  shortjournal = {{ISME} J},
  pages = {124--136}
}

@ARTICLE{Berlemont2013,
  doi = {10.1128/AEM.03305-12},
  author = {Berlemont, Renaud and Martiny, Adam C.},
  eprinttype = {pmid},
  timestamp = {2015-03-28 01:18:18},
  journal = {Appl Environ Microbiol},
  issn = {1098-5336},
  number = {5},
  volume = {79},
  keywords = {Bacteria,Cellulases,Cellulose,Computational Biology,Phylogeny},
  eprint = {23263967},
  title = {Phylogenetic distribution of potential cellulases in bacteria},
  year = {2013},
  date = {2013-03},
  entrykey = {Berlemont2013},
  journaltitle = {Applied and Environmental Microbiology},
  pages = {1545--1554},
  pmcid = {PMC3591946}
}

@ARTICLE{Fierer2007,
  doi = {10.1890/05-1839},
  title = {Toward an ecological classification of soil bacteria},
  timestamp = {2015-03-30 01:50:35},
  journal = {Ecology},
  author = {Fierer, Noah and Bradford, Mark A. and Jackson, Robert B.},
  number = {6},
  volume = {88},
  year = {2007},
  date = {2007-06-01},
  entrykey = {Fierer2007},
  journaltitle = {Ecology},
  pages = {1354--1364},
  issn = {0012-9658}
}

@ARTICLE{Janssen2006,
  doi = {10.1128/AEM.72.3.1719-1728.2006},
  author = {Janssen, Peter H.},
  journal = {Appl Environ Microbiol},
  title = {Identifying the dominant soil bacterial taxa in libraries of {16S} {rRNA} and {16S} {rRNA} genes},
  number = {3},
  volume = {72},
  year = {2006},
  entrykey = {Janssen2006},
  shortjournal = {Appl {Environ} {Microbiol}},
  pages = {1719--1728},
  issn = {0099-2240}
}

@ARTICLE{Garrett1951,
  doi = {10.1111/j.1469-8137.1951.tb05179.x},
  shorttitle = {Ecological Groups of Soil Fungi},
  author = {Garrett, S. D.},
  timestamp = {2015-06-05 16:41:55},
  journal = {New Phytol},
  issn = {1469-8137},
  number = {2},
  langid = {english},
  volume = {50},
  title = {Ecological groups of soil fungi: a survey of substrate relationships},
  year = {1951},
  date = {1951-08-01},
  entrykey = {Garrett1951},
  shortjournal = {New Phytol.},
  pages = {149--166}
}

@ARTICLE{Strickland_2009,
  publisher = {Ecological Society of America},
  doi = {10.1890/08-0296.1},
  author = {Strickland, Michael S and Lauber, Christian and Fierer, Noah and Bradford, Mark A},
  journal = {Ecology},
  title = {{Testing the functional significance of microbial community composition}},
  number = {2},
  month = {Feb},
  volume = {90},
  year = {2009},
  entrykey = {Strickland_2009},
  pages = {441-451}
}

@ARTICLE{Six2006,
  doi = {10.2136/sssaj2004.0347},
  title = {Bacterial and fungal contributions to carbon sequestration in agroecosystems},
  timestamp = {2015-06-05 14:43:42},
  journal = {Soil Sci Soc Am J},
  author = {Six, J. and Frey, S. D. and Thiet, R. K. and Batten, K. M.},
  number = {2},
  langid = {english},
  volume = {70},
  year = {2006},
  date = {2006},
  entrykey = {Six2006},
  shortjournal = {Soil Sci. Soc. Am. J.},
  pages = {555},
  issn = {1435-0661}
}

@ARTICLE{Aoyagi2015,
  rights = {© 2014 Society for Applied Microbiology and John Wiley \& Sons Ltd},
  doi = {10.1111/1758-2229.12243},
  author = {Aoyagi, Tomo and Hanada, Satoshi and Itoh, Hideomi and Sato, Yuya and Ogata, Atsushi and Friedrich, Michael W. and Kikuchi, Yoshitomo and Hori, Tomoyuki},
  timestamp = {2015-06-05 21:25:42},
  journal = {Environ Microbiol Rep},
  issn = {1758-2229},
  number = {2},
  langid = {english},
  volume = {7},
  title = {Ultra-high-sensitivity stable-isotope probing of {rRNA} by high-throughput sequencing of isopycnic centrifugation gradients},
  year = {2015},
  date = {2015-04-01},
  entrykey = {Aoyagi2015},
  shortjournal = {Environmental Microbiology Reports},
  pages = {282--287}
}

