@ARTICLE{kembel2010,
  title = {Picante: {R} tools for integrating phylogenies and ecology},
  journal = {Bioinformatics},
  author = {S.W. Kembel and P.D. Cowan and M.R. Helmus and W.K. Cornwell and H. Morlon and D.D. Ackerly and S.P. Blomberg and C.O. Webb},
  volume = {26},
  year = {2010},
  entrykey = {kembel2010},
  pages = {1463--1464}
}

@ARTICLE{Bradford_1976,
  publisher = {Elsevier BV},
  doi = {10.1016/0003-2697(76)90527-3},
  title = {{A rapid and sensitive method for the quantitation of microgram quantities of protein utilizing the principle of protein-dye binding}},
  journal = {Analytical Biochemistry},
  author = {Marion M. Bradford},
  number = {1-2},
  month = {May},
  volume = {72},
  year = {1976},
  entrykey = {Bradford_1976},
  pages = {248-254}
}

@ARTICLE{benedict1909reagent,
  publisher = {ASBMB},
  title = {{A reagent for the detection of reducing sugars}},
  journal = {Journal of Biological Chemistry},
  author = {Benedict, Stanley R},
  number = {5},
  volume = {5},
  year = {1909},
  entrykey = {benedict1909reagent},
  pages = {485--487}
}

@ARTICLE{Datta_2014,
  publisher = {De Gruyter Open Sp. z o.o.},
  doi = {10.2478/intag-2013-0034},
  title = {{Effect of soil sieving on respiration induced by low-molecular-weight substrates}},
  journal = {International Agrophysics},
  author = {Rahul Datta and Valerie Vranov{\'{a}} and Marian Pavelka and Klement Rej{\v{s}}ek and Pavel Form{\'{a}}nek},
  number = {1},
  month = {jan},
  volume = {28},
  year = {2014},
  entrykey = {Datta_2014}
}

@ARTICLE{Buckley_2007,
  publisher = {American Society for Microbiology},
  doi = {10.1128/aem.02609-06},
  author = {Buckley, D. H. and Huangyutitham, V. and Hsu, S. F. and Nelson, T. A.},
  journal = {Appl Environ Microbiol},
  title = {{Stable isotope probing with $^{15}$N achieved by disentangling the effects of genome G$+$C content and isotope enrichment on {DNA} density}},
  number = {10},
  month = {mar},
  volume = {73},
  year = {2007},
  entrykey = {Buckley_2007},
  pages = {3189--3195}
}

@ARTICLE{Linn_1984,
  publisher = {Soil Science Society of America},
  doi = {10.2136/sssaj1984.03615995004800040019x},
  title = {{Aerobic and Anaerobic Microbial Populations in No-till and Plowed Soils1}},
  journal = {Soil Science Society of America Journal},
  author = {D. M. Linn and J. W. Doran},
  number = {4},
  volume = {48},
  year = {1984},
  entrykey = {Linn_1984},
  pages = {794}
}

@ARTICLE{Manefield_2002,
  publisher = {American Society for Microbiology},
  doi = {10.1128/aem.68.11.5367-5373.2002},
  author = {Manefield, M. and Whiteley, A. S. and Griffiths, R. I. and Bailey, M. J.},
  journal = {Appl Environ Microbiol},
  title = {{{RNA} Stable isotope probing a novel means of linking microbial  community function to phylogeny}},
  number = {11},
  month = {nov},
  volume = {68},
  year = {2002},
  entrykey = {Manefield_2002},
  pages = {5367--5373}
}

@BOOK{9780408708036,
  publisher = {Butterworth \& Co Publishers Ltd},
  isbn = {0408708034},
  author = {Birnie, G. D.},
  title = {{Centrifugal separations: Molecular and cell biology}},
  year = {1978},
  entrykey = {9780408708036}
}

@ARTICLE{David_2010,
  publisher = {Royal Society of Chemistry (RSC)},
  doi = {10.1039/b926617h},
  title = {{Switchgrass as an energy crop for biofuel production: A review of its ligno-cellulosic chemical properties}},
  journal = {Energy Environ. Sci.},
  author = {Kasi David and Arthur J. Ragauskas},
  number = {9},
  volume = {3},
  year = {2010},
  entrykey = {David_2010},
  pages = {1182}
}

@ARTICLE{Griffiths_2000,
  publisher = {American Society for Microbiology},
  doi = {10.1128/aem.66.12.5488-5491.2000},
  author = {R. I. Griffiths and A. S. Whiteley and A. G. O'Donnell and M. J. Bailey},
  journal = {Appl Environ Microbiol},
  title = {{Rapid method for coextraction of {DNA} and {RNA} from natural environments for analysis of ribosomal {DNA}- and {rRNA}-based microbial community composition}},
  number = {12},
  month = {dec},
  volume = {66},
  year = {2000},
  entrykey = {Griffiths_2000},
  pages = {5488--5491}
}

@ARTICLE{Kembel_2012,
  publisher = {Public Library of Science (PLoS)},
  doi = {10.1371/journal.pcbi.1002743},
  author = {Steven W. Kembel and Martin Wu and Jonathan A. Eisen and Jessica L. Green},
  journal = {PLoS Comput Biol},
  title = {{Incorporating {16S} gene copy number information improves estimates of microbial diversity and abundance}},
  number = {10},
  month = {oct},
  volume = {8},
  editor = {Christian von Mering},
  year = {2012},
  entrykey = {Kembel_2012},
  pages = {e1002743}
}

@ARTICLE{Heo_2002,
  publisher = {Wiley Blackwell (John Wiley \& Sons)},
  doi = {10.1042/BA20020018},
  author = {Heo, Moon-Soo and Son, Hong-Joo},
  journal = {Biotechnol Appl Biochem},
  title = {{Development of an optimized, simple chemically defined medium for bacterial cellulose production by Acetobacter sp. A9 in shaking cultures}},
  number = {1},
  month = {Aug},
  volume = {36},
  year = {2002},
  entrykey = {Heo_2002},
  pages = {41}
}

@ARTICLE{jombart2010,
  doi = {10.1093/bioinformatics/btq292},
  title = {adephylo: exploratory analyses for the phylogenetic comparative method.},
  journal = {Bioinformatics},
  author = {T. Jombart and S. Dray},
  volume = {26},
  year = {2010},
  entrykey = {jombart2010},
  pages = {1907-1909}
}

@ARTICLE{Yan_2010,
  publisher = {Elsevier BV},
  doi = {10.1016/j.biombioe.2009.09.010},
  title = {{Chemical compositions of four switchgrass populations}},
  journal = {Biomass and Bioenergy},
  author = {Jinhua Yan and Zhoujian Hu and Yunqiao Pu and E. Charles Brummer and Arthur J. Ragauskas},
  number = {1},
  month = {Jan},
  volume = {34},
  year = {2010},
  entrykey = {Yan_2010},
  pages = {48-53}
}

@ARTICLE{matsen2010,
  doi = {10.1186/1471-2105-11-538},
  shorttitle = {pplacer},
  author = {Matsen, Frederick A. and Kodner, Robin B. and Armbrust, E. Virginia},
  eprinttype = {pmid},
  timestamp = {2015-07-07 15:22:32},
  journal = {{BMC} Bioinformatics},
  issn = {1471-2105},
  volume = {11},
  keywords = {Base Sequence,Bayes Theorem,Computational Biology,Likelihood Functions,Phylogeny,Sequence Alignment,Software},
  eprint = {21034504},
  title = {pplacer: linear time maximum-likelihood and Bayesian phylogenetic placement of sequences onto a fixed reference tree},
  year = {2010},
  date = {2010},
  entrykey = {matsen2010},
  journaltitle = {{BMC} bioinformatics},
  pages = {538},
  pmcid = {PMC3098090}
}

@ARTICLE{Berthrong_2013,
  publisher = {Springer Science $+$ Business Media},
  doi = {10.1007/s00248-013-0225-0},
  title = {{Agricultural Management and Labile Carbon Additions Affect Soil Microbial Community Structure and Interact with Carbon and Nitrogen Cycling}},
  journal = {Microbial Ecology},
  author = {Sean T. Berthrong and Daniel H. Buckley and Laurie E. Drinkwater},
  number = {1},
  month = {apr},
  volume = {66},
  year = {2013},
  entrykey = {Berthrong_2013},
  pages = {158--170}
}

@ARTICLE{Schneckenberger_2008,
  publisher = {Elsevier BV},
  doi = {10.1016/j.soilbio.2008.02.020},
  author = {Katja Schneckenberger and Dmitry Demin and Karl Stahr and Yakov Kuzyakov},
  journal = {Soil Biology and Biochemistry},
  title = {{Microbial utilization and mineralization of $^{14}$C glucose added in six orders of concentration to soil}},
  number = {8},
  month = {Aug},
  volume = {40},
  year = {2008},
  entrykey = {Schneckenberger_2008},
  pages = {1981-1988}
}

@ARTICLE{Martiny2013,
  doi = {10.1038/ismej.2012.160},
  author = {Martiny, Adam C. and Treseder, Kathleen and Pusch, Gordon},
  eprinttype = {pmid},
  timestamp = {2015-03-28 01:16:17},
  journal = {{ISMEJ}},
  issn = {1751-7370},
  number = {4},
  volume = {7},
  keywords = {Archaea,Bacteria,Bacterial Physiological Phenomena,Biodiversity,Biological Evolution,carbon,Ecosystem,Environmental Microbiology,Phenotype,Phylogeny},
  eprint = {23235290},
  title = {Phylogenetic conservatism of functional traits in microorganisms},
  year = {2013},
  date = {2013-04},
  entrykey = {Martiny2013},
  journaltitle = {The {ISME} journal},
  pages = {830--838},
  pmcid = {PMC3603392}
}

