@article{cite:8,
  author = {R. Liouville and G. Bernoulli},
  title = {{On the Positivity of Conditionally Closed, Right-Simply Contravariant Scalars}},
  journal = {{J}ournal of Numerical Geometry},
  month = {aug},
  year = {1993},
  volume = {6},
  pages = {152--191},
}


@article{cite:2,
  author = {Q. Smith},
  title = {{${\ell}$-Multiply Contra-One-to-One Paths over Semi-Almost Everywhere Negative Isomorphisms}},
  journal = {{J}ournal of Homological Model Theory},
  month = {sep},
  year = {2003},
  volume = {7},
  pages = {1408--1423},
}


@article{cite:0,
  author = {Q. Tate and L. Garcia and G. Banach},
  title = {{Regularity Methods in Fuzzy Number Theory}},
  journal = {{A}rchives of the {M}oldovan {M}athematical {S}ociety},
  month = {aug},
  year = {1995},
  volume = {0},
  pages = {78--93},
}


@article{Amundson_2001,
  title = {{T HE C ARBON B UDGET IN S OILS}},
  volume = {29},
  url = {http://dx.doi.org/10.1146/annurev.earth.29.1.535},
  doi = {10.1146/annurev.earth.29.1.535},
  number = {1},
  journal = {Annual Review of Earth and Planetary Sciences},
  publisher = {Annual Reviews},
  author = {Amundson, Ronald},
  year = {2001},
  month = {May},
  pages = {535-562},
}


@article{ndi_Pietramellara_Renella_2003,
  title = {{Microbial diversity and soil functions}},
  volume = {54},
  url = {http://dx.doi.org/10.1046/j.1351-0754.2003.0556.x},
  doi = {10.1046/j.1351-0754.2003.0556.x},
  number = {4},
  journal = {European Journal of Soil Science},
  publisher = {Wiley Blackwell (Blackwell Publishing)},
  author = {Nannipieri, P. and Ascher, J. and Ceccherini, M. T. and Landi, L. and Pietramellara, G. and Renella, G.},
  year = {2003},
  month = {Dec},
  pages = {655-670},
}


@article{TRUMBORE_2006,
  title = {{Carbon respired by terrestrial ecosystems - recent progress and challenges}},
  volume = {12},
  url = {http://dx.doi.org/10.1111/j.1365-2486.2006.01067.x},
  doi = {10.1111/j.1365-2486.2006.01067.x},
  number = {2},
  journal = {Global Change Biology},
  publisher = {Wiley Blackwell (Blackwell Publishing)},
  author = {TRUMBORE, SUSAN},
  year = {2006},
  month = {Feb},
  pages = {141-153},
}


@article{Torn_Vitousek_Trumbore_2005,
  title = {{The Influence of Nutrient Availability on Soil Organic Matter Turnover Estimated by Incubations and Radiocarbon Modeling}},
  volume = {8},
  url = {http://dx.doi.org/10.1007/s10021-004-0259-8},
  doi = {10.1007/s10021-004-0259-8},
  number = {4},
  journal = {Ecosystems},
  publisher = {Springer-Verlag},
  author = {Torn, Margaret S. and Vitousek, Peter M. and Trumbore, Susan E.},
  year = {2005},
  month = {Jun},
  pages = {352-372},
}


@article{Heo_Son_2002,
  title = {{Development of an optimized, simple chemically defined medium for bacterial cellulose production by Acetobacter sp. A9 in shaking cultures}},
  volume = {36},
  url = {http://dx.doi.org/10.1042/BA20020018},
  doi = {10.1042/BA20020018},
  number = {1},
  journal = {Biotechnology and Applied Biochemistry},
  publisher = {Wiley Blackwell (John Wiley &amp; Sons)},
  author = {Heo, Moon-Soo and Son, Hong-Joo},
  year = {2002},
  month = {Aug},
  pages = {41},
}


@article{Aston_Polz_2000,
  title = {{Das Grab des Hui und des Kel. Theben Nr. 54}},
  volume = {86},
  url = {http://dx.doi.org/10.2307/3822325},
  doi = {10.2307/3822325},
  journal = {The Journal of Egyptian Archaeology},
  publisher = {JSTOR},
  author = {Aston, D. A. and Polz, Daniel},
  year = {2000},
  pages = {191},
}


@article{riel_Polz_Moosbauer_Necek_2000,
  title = {{Haemodynamic changes during thoracoscopic surgery The effects of one-lung ventilation compared with carbon dioxide insufflation}},
  volume = {55},
  url = {http://dx.doi.org/10.1046/j.1365-2044.2000.01123.x},
  doi = {10.1046/j.1365-2044.2000.01123.x},
  number = {1},
  journal = {Anaesthesia},
  publisher = {Wiley Blackwell (Blackwell Publishing)},
  author = {Brock, H. and Rieger, R. and Gabriel, C. and Polz, W. and Moosbauer, W. and Necek, S.},
  year = {2000},
  month = {Jan},
  pages = {10-16},
}


@article{BATJES_1996,
  title = {{Total carbon and nitrogen in the soils of the world}},
  volume = {47},
  url = {http://dx.doi.org/10.1111/j.1365-2389.1996.tb01386.x},
  doi = {10.1111/j.1365-2389.1996.tb01386.x},
  number = {2},
  journal = {European Journal of Soil Science},
  publisher = {Wiley Blackwell (Blackwell Publishing)},
  author = {BATJES, N.H.},
  year = {1996},
  month = {Jun},
  pages = {151-163},
}


@article{elsen_Ayres_Wall_Bardgett_2011,
  title = {{Soil biodiversity and carbon cycling: a review and synthesis of studies examining diversity-function relationships}},
  volume = {62},
  url = {http://dx.doi.org/10.1111/j.1365-2389.2010.01314.x},
  doi = {10.1111/j.1365-2389.2010.01314.x},
  number = {1},
  journal = {European Journal of Soil Science},
  publisher = {Wiley Blackwell (Blackwell Publishing)},
  author = {Nielsen, U. N. and Ayres, E. and Wall, D. H. and Bardgett, R. D.},
  year = {2011},
  month = {Feb},
  pages = {105-116},
}
